<?xml version="1.0" encoding="UTF-8"?><collection xmlns="http://www.loc.gov/MARC21/slim"><record><leader>00386nam--2200109-i-4500</leader><controlfield tag="001">000004410</controlfield><controlfield tag="002">20161230</controlfield><controlfield tag="005">20161230201025</controlfield><controlfield tag="008">060222s1000------------r-----000-0-eng-d</controlfield><datafield ind1=" " ind2=" " tag="245"><subfield code="a">Clasificarea zecimala. expunerea sistemului tabele prescurtate si prelucrate pentru biblio teci, arhive documentare si fisiere individual e de studii</subfield></datafield><datafield ind1=" " ind2=" " tag="260"><subfield code="a">Bucuresti, Editura De Stat, 1949</subfield></datafield><datafield ind1=" " ind2=" " tag="490"><subfield code="a">185 P</subfield></datafield></record></collection>